<?xml version="1.0" encoding="UTF-8"?><record xmlns="http://www.loc.gov/MARC21/slim" xmlns:cinclude="http://apache.org/cocoon/include/1.0" xmlns:zs="http://www.loc.gov/zing/srw/">
  <leader>00438nz  a2200133n  4500</leader>
  <controlfield tag="001">nb2010007107</controlfield>
  <controlfield tag="003">DLC</controlfield>
  <controlfield tag="005">20100319075028.0</controlfield>
  <controlfield tag="008">100317n| acannaabn          |n aaa      </controlfield>
  <datafield tag="010" ind1=" " ind2=" ">
    <subfield code="a">nb2010007107</subfield>
  </datafield>
  <datafield tag="035" ind1=" " ind2=" ">
    <subfield code="a">(Uk)007741136</subfield>
  </datafield>
  <datafield tag="040" ind1=" " ind2=" ">
    <subfield code="a">Uk</subfield>
    <subfield code="b">eng</subfield>
    <subfield code="c">Uk</subfield>
  </datafield>
  <datafield tag="100" ind1="1" ind2=" ">
    <subfield code="a">Branco, Maria Luísa,</subfield>
    <subfield code="d">1964-</subfield>
  </datafield>
  <datafield tag="670" ind1=" " ind2=" ">
    <subfield code="a">A escola, comunidade educativa e a formação dos novos cidadãos, 2007:</subfield>
    <subfield code="b">t.p. (Maria Luísa Branco) back cover (born June 1964, Sines)</subfield>
  </datafield>
</record>